@conference{kudravcev,
	Address 	= {Красноярск},
	Author 		= {П.С. Кудрявцев},
	Title 		= {Метод повышения качества анализа рентгеновских снимков на основе комбинированных классификаторов / П.С. Кудрявцев, А.А. Кузьмин, О.В. Шаталова, С.А. Филист },
	Booktitle 	= {Нейроинформатика, её приложения и анализ данных: Материалы XXIV Всероссийского семинара. Красноярск, 30 сентября – 2 октября 2016 г.},
	Language 	= {russian},
	Pages 		= {40--44},
	Publisher 	= {Институт вычислительного моделирования СО РАН},
	Year 		= {2016}
}

@Online{polovinkin,
    author 		= {П.Н. Половинкин},
    title 		= {Детекторы и дескрипторы ключевых точек. Алгоритмы классификации изображений. Задача детектирования объектов на изображениях и методы её решения / П.Н. Половинкин},
    url 		= {https://www.hpcc.unn.ru/file.php?id=760},
    urldate 	= {2017-04-23},
    language 	= {russian}
}

@conference{shitomasi,
	Address 	= {Seattle},
	Author 		= {J. Shi},
	Title 		= {Good Features to Track / J. Shi, C. Tomasi},
	Booktitle 	= {Proceedings of the IEEE Conference on Computer Vision and Pattern Recognition. Seattle, 21-23 June 1994},
	Language 	= {english},
	Pages 		= {593--600},
	Publisher 	= {IEEE},
	Year 		= {1994}
}

@ARTICLE{bay,
	author 		= {H. Bay},
	title 		= {SURF: Speeded Up Robust Features / H. Bay, A. Ess, T. Tuytelaars},
	journal 	= {Computer Vision and Image Understanding},
	year 		= {2008},
	volume 		= {110},
	Number 		= {3},
	pages 		= {346--359},
	language 	= {english}
}

@conference{leutenegger,
	Address 	= {Barcelona},
	Author 		= {S. Leutenegger},
	Title 		= {BRISK: Binary Robust Invariant Scalable Keypoints / S. Leutenegger, M. Chli, R. Siegwart},
	Booktitle 	= {Proceedings of the IEEE International Conference on Computer Vision. Barcelona, 6-13 November 2011},
	Language 	= {english},
	Pages 		= {593--600},
	Publisher 	= {IEEE},
	Year 		= {2011}
}


@conference{dalal,
	Address 	= {San Diego},
	Author 		= {N. Dalal},
	Title 		= {Histograms of Oriented Gradients for Human Detection / N. Dalal, B. Triggs},
	Booktitle 	= {IEEE Computer Society Conference on Computer Vision and Pattern Recognition. San Diego, 20-25 June 2005},
	Language 	= {english},
	Pages 		= {886--893},
	Publisher 	= {IEEE},
	Year 		= {2005}
}

@ARTICLE{giachetti,
	author 		= {A. Giachetti},
	title 		= {Real time artifact-free image upscaling / A. Giachetti, N. Asuni},
	journal 	= {IEEE Transactions on Image Processing},
	year 		= {2011},
	volume 		= {20},
	Number 		= {10},
	pages 		= {2760--2768},
	language 	= {english}
}

@conference{glasner,
	Address 	= {Kyoto},
	Author 		= {D. Glasner},
	Title 		= {Super-Resolution from a Single Image / D. Glasner, S. Bagon, M. Irani},
	Booktitle 	= {IEEE 12th International Conference on Computer Vision. Kyoto, 27 September - 4 October 2009},
	Language 	= {english},
	Pages 		= {349--356},
	Publisher 	= {IEEE},
	Year 		= {2009}
}

@ARTICLE{xu,
	author 		= {H. Xu},
	title 		= {Single Image Super-resolution with Detail Enhancement based on Local Fractal Analysis of Gradient / H. Xu, G. Zhai, X. Yang},
	journal 	= {IEEE Transactions on Circuits and Systems for Video Technology},
	year 		= {2013},
	volume 		= {23},
	Number 		= {10},
	pages 		= {1740--1754},
	language 	= {english}
}

@Online{medpix,
    title 		= {База данных медицинских изображений MedPix},
    url 		= {https://medpix.nlm.nih.gov/home},
    urldate 	= {2017-04-21},
    language 	= {russian}
}

@BOOK{buchsbaum,
	author 		= {W. Buchsbaum},
	title 		= {Color TV Servicing / W. Buchsbaum},
	publisher 	= {Prentice Hall},
	address 	= {N.J.},
	year 		= {1975},
	note 		= {270 p},
	language 	= {english}
}

@Online{nninter,
    title 		= {Nearest-neighbor interpolation},
    url 		= {https://en.wikipedia.org/wiki/Nearest-neighbor_interpolation},
    urldate 	= {2017-05-17},
    language 	= {english}
}

@ARTICLE{keys,
	author 		= {R. Keys},
	title 		= {Cubic convolution interpolation for digital image processing / R. Keys},
	journal 	= {IEEE Transactions on Acoustics, Speech, and Signal Processing},
	year 		= {1981},
	volume 		= {29},
	Number 		= {6},
	pages 		= {1153--1160},
	language 	= {english}
}

@Online{bilint,
    title 		= {Bilinear interpolation},
    url 		= {https://en.wikipedia.org/wiki/Bilinear_interpolation},
    urldate 	= {2017-05-17},
    language 	= {english}
}

@conference{lowe,
	Address 	= {Kerkyra},
	Author 		= {D. Lowe},
	Title 		= {Object Recognition from Local Scale-Invariant Features / D. Lowe},
	Booktitle 	= {Proceedings of the International Conference on Computer Vision. Kerkyra, 20-27 September 1999},
	Language 	= {english},
	Pages 		= {1150--1157},
	Publisher 	= {IEEE},
	Year 		= {1999}
}

@Online{pointsmathworks,
    title 		= {Extract interest point descriptors},
    url 		= {https://www.mathworks.com/help/vision/ref/extractfeatures.html},
    urldate 	= {2017-05-17},
    language 	= {english}
}

@conference{alahi,
	Address 	= {Providence},
	Author 		= {A. Alahi},
	Title 		= {FREAK: Fast Retina Keypoint / A. Alahi, R. Ortiz},
	Booktitle 	= {IEEE Conference on Computer Vision and Pattern Recognition. Providence, 16-21 June 2012},
	Language 	= {english},
	Pages 		= {510--517},
	Publisher 	= {IEEE},
	Year 		= {2012}
}

@article{Sirota2016,
	Author 		= {А.~А. Сирота},
	Title 		= {Методы классификации элементов зерновых смесей на основе анализа спектральных характеристик в видимом и инфракрасном диапазоне длин волн / А.~А. Сирота [и др.]},
	Journal 	= {Вестник Воронежского Государственного Университета. Серия: <<Системный анализ и информационные технологии>>},
	Language 	= {russian},
	Number 		= {1},
	Pages 		= {150--160},
	Year 		= {2016}
}

@article{simonyan2014very,
	Author 		= {K. Simonyan},
	Title 		= {Very deep convolutional networks for large-scale image recognition / K. Simonyan, A. Zisserman},
	Journal 	= {CoRR},
	Year 		= {2014},
	Number 		= {1409.1556},
	Language 	= {russian},
	note 		= {14 с} 
}

@article{HowardZCKWWAA17,
	Author 		= {A. G. Howard},
	Title 		= {MobileNets: Efficient Convolutional Neural Networks for Mobile Vision
               Applications / A. G. Howard [и др.]},
	Journal 	= {CoRR},
	Year 		= {2017},
	Number 		= {1704.04861},
	Language 	= {russian},
	note 		= {9 с}  
}

@Online{oon,
    title 		= {World Population Prospects. The 2017 Revision},
    url 		= {https://esa.un.org/unpd/wpp/Publications/Files/WPP2017_KeyFindings.pdf},
    urldate 	= {2018-02-03},
    language 	= {russian}
}

@BOOK{rassel,
	author 		= {С. Рассел},
	title 		= {Искусственный интеллект: современный подход / С. Рассел, П. Норвиг},
	edition 	= {2-е},
	address 	= {М.},
	publisher 	= {Вильямс},
	year 		= {2007},
	language 	= {russian},
    note 		= {1424 с}  	
}

@ARTICLE{AlbertKG17,
	author 		= {A. Albert},
	title 		= {Using convolutional networks and satellite imagery to identify patterns in urban environments at a large scale / A. Albert, J. Kaur, M. Gonzalez},
	journal 	= {CoRR},
	year 		= {2017},
	Number 		= {1704.02965},
	language 	= {english},
    note 		= {10 p} 
}

@BOOK{Oppelt,
	author 		= {A. Oppelt},
	title 		= {Imaging Systems for Medical Diagnostics: Fundamentals, Technical Solutions and Applications for Systems Applying Ionizing Radiation, Nuclear Magnetic Resonance and Ultrasound / A. Oppelt},
	publisher 	= {Publicis},
	address 	= {Erlangen},
	year 		= {2006},
	note 		= {996 p},
	language 	= {english}
}

@article{Sirota2014,
	Author 		= {А.~А. Сирота},
	Title 		= {Методы измерений спектральных характеристик и распознавания элементов зерновых смесей в системах сепарации реального времени / А.~А. Сирота [и др.]},
	Journal 	= {Измерительная техника},
	Language 	= {russian},
	Number 		= {1},
	Pages 		= {36--41},
	Year 		= {2014}
}

@BOOK{ermakov,
	author 		= {А.И. Ермаков},
	title 		= {Методы биохимического исследования растений / А.И. Ермаков [и др.]},
	publisher 	= {Колос},
	address 	= {Ленинград},
	year 		= {1972},
	note 		= {456 с},
	language 	= {russian}
}

@Online{tflowInst,
    title 		= {Installing TensorFlow on Windows},
    url 		= {https://www.tensorflow.org/install/install_windows},
    urldate 	= {2018-04-15},
    language 	= {english}
}

@Online{cudaInst,
    title 		= {CUDA Toolkit 8.0},
    url 		= {https://developer.nvidia.com/cuda-80-ga2-download-archive},
    urldate 	= {2018-04-15},
    language 	= {english}
}

@Online{cudnnInst,
    title 		= {CuDNN Library},
    url 		= {https://developer.nvidia.com/cudnn},
    urldate 	= {2018-04-15},
    language 	= {english}
}

@Online{cudnnInstGuide,
    title 		= {Deep Learning SDK Documentation},
    url 		= {https://docs.nvidia.com/deeplearning/sdk/cudnn-install/index.html},
    urldate 	= {2018-04-15},
    language 	= {english}
}

@Online{cudaComp,
    title 		= {CUDA GPUs},
    url 		= {https://developer.nvidia.com/cuda-gpus},
    urldate 	= {2018-04-15},
    language 	= {english}
}

@Online{kerReprod,
    title 		= {Keras FAQ: Frequently Asked Keras Questions},
    url 		= {https://keras.io/getting-started/faq },
    urldate 	= {2018-04-15},
    language 	= {english}
}

@conference{shleymovich,
	Address 	= {Самара},
	Author 		= {М.П. Шлеймович},
	Title 		= {Энергетические признаки изображений на основе вейвлет-преобразования / М.П. Шлеймович, С.А. Ляшева},
	Booktitle 	= {Материалы Международной конференции и молодёжной школы «Информационные технологии и нанотехнологии». Самара, 17 мая – 19 мая 2016 г.},
	Language 	= {russian},
	Pages 		= {334--341},
	Publisher 	= {Издательство СГАУ},
	Year 		= {2016}
}